<?xml version="1.0" encoding="UTF-8"?><collection xmlns="http://www.loc.gov/MARC21/slim"><record><leader>00421nam--2200133-i-4500</leader><controlfield tag="001">000019250</controlfield><controlfield tag="002">20161230</controlfield><controlfield tag="005">20161230201033</controlfield><controlfield tag="008">060222s1000------------r-----000-0-eng-d</controlfield><datafield ind1=" " ind2=" " tag="080"><subfield code="a">621.372</subfield></datafield><datafield ind1=" " ind2=" " tag="245"><subfield code="a">Conference on optimisation techniques in circuit and control applications.29-30 june 1970</subfield></datafield><datafield ind1=" " ind2=" " tag="260"><subfield code="a">London, The Institution Of Electrical Engineers, 1970. Iv + 76 P</subfield></datafield><datafield ind1=" " ind2=" " tag="490"><subfield code="a">Conference Publication</subfield></datafield><datafield ind1=" " ind2=" " tag="852"><subfield code="a">34961</subfield></datafield></record></collection>